@article{Cachay:2024,
author = {Cachay Reyes, LF. and Chang Salda√±a, JF. and Pastor Segura, JC. and Salirrosas Navarro, LS. and Castagne Vasquez, JY.},
year = {2024},
month = {04},
pages = {3-292},
title = {Document processing system with digital signatures and administrative management in public universities. A review of the literature.},
journal = {Data and Metadata},
url = {https://doi.org/10.56294/dm2024292}
}
@article{Roy:2012,
author = {Roy, Dr. Abhishek and Karforma, Sunil},
year = {2012},
month = {01},
pages = {45-69},
title = {A survey on digital signatures and its applications},
volume = {3},
journal = {JCIT},
url = {https://www.researchgate.net/publication/233391380_A_survey_on_digital_signatures_and_its_applications}
}
@misc{NIST:2023,
  author = {National Institute of Standards and Technology NIST},
  title = {FIPS 186-5: Digital Signature Standard (DSS). U.S. Department of Commerce.},
  year = {2023},
  url = {https://doi.org/10.6028/NIST.FIPS.186-5 }
}
@misc{SSL:2024,
  author = {Support Team SSL},
  title = {The Legality of Digital Signatures: A Comprehensive Global Guide},
  year = {2024},
  month ={03},
  day={15},
  url = {https://www.ssl.com/article/the-legality-of-digital-signatures-a-comprehensive-global-guide/#ftoc-heading-14}
}
@misc{Entrust,
  author = {Entrust},
  title = {Firmas digitales},
  url = {https://www.entrust.com/es/resources/learn/digital-signatures}, 
  addendum = {Recuperado 10/03/2025}
}
@misc{CasaMonarca,
  author = {Casa Monarca, Ayuda humanitaria al migrante ABP.},
  title = {Inicio},
  year = {s.f.},
  url = {https://casamonarca.org.mx/},
  addendum = {Recuperado 10/03/2025}
}